% Encoding: UTF-8

@String { aaai        = {AAAI Conference on Artificial Intelligence (AAAI)} }
@String { aamas       = {International Conference on Autonomous Agents and Multiagent Systems (AAMAS)} }
@String { acc         = {American Control Conference (ACC)} }
@String { aiaa_info   = {AIAA Infotech@Aerospace Conference} }
@String { aiaa_jacic  = {Journal of Aerospace Computing, Information, and Communication} }
@String { allerton    = {Allerton Conference on Communication, Control, and Compution} }
@String { atio        = {AIAA Aviation Technology, Integration, and Operations Conference (ATIO)} }
@String { cacm        = {Communications of the ACM} }
@String { cdc         = {IEEE Conference on Decision and Control (CDC)} }
@String { cvpr        = {IEEE Computer Society Conference on Computer Vision and Pattern Recognition (CVPR)} }
@String { dasc        = {Digital Avionics Systems Conference (DASC)} }
@String { ecml        = {European Conference on Machine Learning (ECML)} }
@String { gnc         = {AIAA Guidance, Navigation, and Control Conference (GNC)} }
@String { icaart      = {International Conference on Agents and Artificial Intelligence (ICAART)} }
@String { icassp      = {International Conference on Acoustics, Speech, and Signal Processing (ICASSP)} }
@String { icml        = {International Conference on Machine Learning (ICML)} }
@String { icmla       = {International Conference on Machine Learning and Applications (ICMLA)} }
@String { icra        = {IEEE International Conference on Robotics and Automation (ICRA)} }
@String { icslp       = {International Conference on Spoken Language Processing (ICSLP)} }
@String { ieee_csm    = {IEEE Control Systems Magazine} }
@String { ieee_j_ac   = {IEEE Transactions on Automatic Control} }
@String { ieeeaero    = {IEEE Aerospace Conference} }
@String { ieeeciaig   = {IEEE Transactions on Computational Intelligence and AI in Games} }
@String { ieeecst     = {IEEE Transactions on Control Systems Technology} }
@String { ieeetac     = {IEEE Transactions on Automatic Control} }
@String { ieeetsp     = {IEEE Transactions on Signal Processing} }
@String { ijcai       = {International Joint Conference on Artificial Intelligence (IJCAI)} }
@String { interspeech = {Annual Conference of the International Speech Communication Association (INTERSPEECH)} }
@String { iros        = {IEEE/RSJ International Conference on Intelligent Robots and Systems (IROS)} }
@String { itsc        = {IEEE International Conference on Intelligent Transportation Systems (ITSC)} }
@String { jair        = {Journal of Artificial Intelligence Research} }
@String { jgcd        = {AIAA Journal on Guidance, Control, and Dynamics} }
@String { jmlr        = {Journal of Machine Learning} }
@String { jota        = {Journal of Optimization Theory and Applications} }
@String { jstor       = {Journal of the American Statistical Association} }
@String { lion        = {Learning and Intelligent Optimization (LION)} }
@String { mit         = {Massachusetts Institute of Technology} }
@String { mitaa       = {Massachusetts Institute of Technology, Department of Aeronautics and Astronautics} }
@String { mitee       = {Massachusetts Institute of Technology, Department of Electrical Engineering and Computer Science} }
@String { mitme       = {Massachusetts Institute of Technology, Department of Mechanical Engineering} }
@String { mitpress    = {MIT Press}}
@String { mor         = {Mathematics of Operations Research} }
@String { nips        = {Advances in Neural Information Processing Systems (NIPS)} }
@String { or          = {Operations Research} }
@String { rss         = {Robotics: Science and Systems} }
@String { sigcomm     = {ACM Special Interest Group on Data Communication (SIGCOMM)} }
@String { springer    = {Springer}}
@String { suaa        = {Stanford University, Department of Aeronautics and Astronautics} }
@String { suee        = {Stanford University, Department of Electrical Engineering} }
@String { sume        = {Stanford University, Department of Mechanical Engineering} }
@String { tac         = {IEEE Transactions on Automatic Control} }
@String { tacas       = {International Conference on Tools and Algorithms for the Construction and Analysis of Systems (TACAS)} }
@String { taes        = {IEEE Transactions on Aerospace and Electronic Systems} }
@String { toms        = {ACM Transactions on Mathematical Software} }
@String { uai         = {Conference on Uncertainty in Artificial Intelligence (UAI)} }
@String { wiley       = {Wiley}}

@article{kaufmann2023champion,
  title={Champion-level drone racing using deep reinforcement learning},
  author={Kaufmann, Elia and Bauersfeld, Leonard and Loquercio, Antonio and M{\"u}ller, Matthias and Koltun, Vladlen and Scaramuzza, Davide},
  journal={Nature},
  volume={620},
  number={7976},
  pages={982--987},
  year={2023},
  publisher={Nature Publishing Group UK London}
}

@article{duong2024port,
  title={Port-Hamiltonian neural ODE networks on Lie groups for robot dynamics learning and control},
  author={Duong, Thai and Altawaitan, Abdullah and Stanley, Jason and Atanasov, Nikolay},
  journal={IEEE Transactions on Robotics},
  year={2024},
  publisher={IEEE}
}

@inproceedings{ettinger2021large,
  title={Large scale interactive motion forecasting for autonomous driving: The waymo open motion dataset},
  author={Ettinger, Scott and Cheng, Shuyang and Caine, Benjamin and Liu, Chenxi and Zhao, Hang and Pradhan, Sabeek and Chai, Yuning and Sapp, Ben and Qi, Charles R and Zhou, Yin and others},
  booktitle={Proceedings of the IEEE/CVF International Conference on Computer Vision},
  pages={9710--9719},
  year={2021}
}

@article{kochdumper2023constrained,
  title={Constrained polynomial zonotopes},
  author={Kochdumper, Niklas and Althoff, Matthias},
  journal={Acta Informatica},
  volume={60},
  number={3},
  pages={279--316},
  year={2023},
  publisher={Springer}
}

@article{sidrane2022overt,
  title={Overt: An algorithm for safety verification of neural network control policies for nonlinear systems},
  author={Sidrane, Chelsea and Maleki, Amir and Irfan, Ahmed and Kochenderfer, Mykel J},
  journal={Journal of Machine Learning Research},
  volume={23},
  number={117},
  pages={1--45},
  year={2022}
}